% Encoding: UTF-8
@article{gadamus2013linkages,
  title={Linkages between human health and ocean health: a participatory climate change vulnerability assessment for marine mammal harvesters},
  author={Gadamus, Lily},
  journal={International journal of circumpolar health},
  volume={72},
  year={2013},
  publisher={Co-Action Publishing}
}
@article{licuanan2015ic,
  title={IC-SEA Change: A participatory tool for rapid assessment of vulnerability of tropical coastal communities to climate change impacts},
  author={Licuanan, Wilfredo Y and Samson, Maricar S and Mamauag, Samuel S and David, Laura T and Borja-del Rosario, Roselle and Quibilan, Miledel Christine C and Siringan, Fernando P and Maria, Ma Yvainne Y Sta and Espa{\~n}a, Norievill B and Villanoy, Cesar L and others},
  journal={Ambio},
  volume={44},
  number={8},
  pages={718--736},
  year={2015},
  publisher={Springer}
}

@Article{kunreuther2014integrated,
  author    = {Kunreuther, Howard and Gupta, S and Bosetti, V and Cooke, R and Dutt, V and Ha-Duong, M and Held, H and Llanes-Regueiro, J and Patt, A and Shittu, E and others},
  title     = {Integrated risk and uncertainty assessment of climate change response policies},
  year      = {2014},
  publisher = {Cambridge University Press},
}

@Comment{jabref-meta: databaseType:bibtex;}
